<record><leader>00000cas a2200000 a 4500</leader><controlfield tag="001">13176659</controlfield><controlfield tag="008">860220d18611862nyucr ne      0    0eng d</controlfield><datafield ind1=" " ind2=" " tag="010"><subfield code="a">sn 86063110 </subfield></datafield><datafield ind1=" " ind2=" " tag="040"><subfield code="a">KSH</subfield><subfield code="b">eng</subfield><subfield code="c">KSH</subfield><subfield code="d">NPT</subfield><subfield code="d">NYS</subfield><subfield code="d">OCL</subfield><subfield code="d">OCLCQ</subfield><subfield code="d">OCLCF</subfield><subfield code="d">OCLCO</subfield></datafield><datafield ind1="1" ind2=" " tag="029"><subfield code="a">AU@</subfield><subfield code="b">000020236135</subfield></datafield><datafield ind1=" " ind2=" " tag="042"><subfield code="a">msc</subfield></datafield><datafield ind1=" " ind2=" " tag="043"><subfield code="a">n-us-ny</subfield></datafield><datafield ind1="0" ind2="4" tag="245"><subfield code="a">The Clyde times semiweekly.</subfield></datafield><datafield ind1="1" ind2="3" tag="246"><subfield code="a">Semi-weekly Clyde times</subfield><subfield code="f">&lt;1862&gt;</subfield></datafield><datafield ind1=" " ind2=" " tag="260"><subfield code="a">Clyde, N.Y. :</subfield><subfield code="b">[s.n.]</subfield></datafield><datafield ind1=" " ind2=" " tag="300"><subfield code="a">v. ;</subfield><subfield code="c">50 cm.</subfield></datafield><datafield ind1=" " ind2=" " tag="310"><subfield code="a">Semiweekly</subfield></datafield><datafield ind1="0" ind2=" " tag="362"><subfield code="a">Vol. 11, no. 33 (Mar. 9, 1861)-v. 12, no. 75 (Apr. 19, 1862).</subfield></datafield><datafield ind1=" " ind2=" " tag="500"><subfield code="a">Editor: Joseph A. Pain.</subfield></datafield><datafield ind1=" " ind2=" " tag="500"><subfield code="a">"An independent Republican journal devoted to the local interests of the Towns of Galen, Rose, Wolcott, Butler and Savannah."</subfield></datafield><datafield ind1=" " ind2="0" tag="651"><subfield code="a">Clyde (N.Y.)</subfield><subfield code="v">Newspapers.</subfield></datafield><datafield ind1=" " ind2="0" tag="651"><subfield code="a">Wayne County (N.Y.)</subfield><subfield code="v">Newspapers.</subfield></datafield><datafield ind1=" " ind2="7" tag="655"><subfield code="a">Newspapers.</subfield><subfield code="2">fast</subfield><subfield code="0">(OCoLC)fst01423814</subfield></datafield><datafield ind1=" " ind2="7" tag="651"><subfield code="a">New York (State)</subfield><subfield code="z">Clyde.</subfield><subfield code="2">fast</subfield><subfield code="0">(OCoLC)fst01216528</subfield></datafield><datafield ind1=" " ind2="7" tag="651"><subfield code="a">New York (State)</subfield><subfield code="z">Wayne County.</subfield><subfield code="2">fast</subfield><subfield code="0">(OCoLC)fst01206235</subfield></datafield><datafield ind1=" " ind2=" " tag="752"><subfield code="a">United States</subfield><subfield code="b">New York</subfield><subfield code="c">Wayne</subfield><subfield code="d">Clyde.</subfield></datafield><datafield ind1="0" ind2="0" tag="780"><subfield code="t">Clyde weekly times (Clyde, N.Y. : 1860)</subfield><subfield code="w">(DLC)sn 86063480</subfield></datafield><datafield ind1="0" ind2="0" tag="785"><subfield code="t">Clyde weekly times (Clyde, N.Y. : 1862)</subfield><subfield code="w">(DLC)sn 85026238</subfield></datafield></record>